@inproceedings{ben2001,
  title={A stability based method for discovering structure in clustered data},
  author={Ben-Hur, Asa and Elisseeff, Andre and Guyon, Isabelle},
  booktitle={Pacific symposium on biocomputing},
  volume={7},
  pages={6--17},
  year={2001}
}

@article{bahmani2012,
  title={Scalable k-means++},
  author={Bahmani, Bahman and Moseley, Benjamin and Vattani, Andrea and Kumar, Ravi and Vassilvitskii, Sergei},
  journal={Proceedings of the VLDB Endowment},
  volume={5},
  number={7},
  pages={622--633},
  year={2012},
  publisher={VLDB Endowment}
}

@inproceedings{arthur2007,
  title={k-means++: The advantages of careful seeding},
  author={Arthur, David and Vassilvitskii, Sergei},
  booktitle={Proceedings of the eighteenth annual ACM-SIAM symposium on Discrete algorithms},
  pages={1027--1035},
  year={2007},
  organization={Society for Industrial and Applied Mathematics}
}

@article{vaux2003,
  title={The Harvard dialect survey},
  author={Vaux, Bert and Golder, Scott},
  journal={Cambridge, MA: Harvard University Linguistics Department},
  year={2003},
  howpublished={\url{http://www4.uwm.edu/FLL/linguistics/dialect/index.html}}
}